@inproceedings{POS-Tagging,
  author = {Kevin Gimpel, Nathan Schneider, Brendan O'Connor, Dipanjan Das, Daniel Mills, Jacob Eisenstein, Michael Heilman, Dani Yogatama, Jeffrey Flanigan, and Noah A. Smith},
  title = {Part-of-speech tagging for Twitter: Annotation, features, and experiments},
  booktitle = {Proc. ACL},
  year = {2011}
}

@inproceedings{Ritter11,
  author = {Ritter, Alan and Clark, Sam and Mausam and Etzioni, Oren},
  title = {Named Entity Recognition in Tweets: An Experimental Study},
  booktitle = {Proc. EMNLP},
  year = {2011}
}

